@article{bishop2014displacement,
  title={A displacement-based finite element formulation for general polyhedra using harmonic shape functions},
  author={Bishop, Joseph E},
  journal={International Journal for Numerical Methods in Engineering},
  volume={97},
  number={1},
  pages={1--31},
  year={2014},
  publisher={Wiley Online Library}
}

@article{becker1981finite,
  title={Finite Elements: An introduction},
  author={Becker, E.B. and Carey, G.F. and Oden, J.T.},
  number={v. 1},
  isbn={9780133170573},
  lccn={80025153},
  series={ACM monograph series},
  year={1981},
  publisher={Prentice-Hall}
}

@article{carvalho2024semi,
  title={A semi-hybrid-mixed method for Stokes--Brinkman--Darcy flows with H (div)-velocity fields},
  author={Carvalho, Pablo GS and Devloo, Philippe RB and Gomes, S{\^o}nia M},
  journal={International Journal for Numerical Methods in Engineering},
  volume={125},
  number={1},
  pages={e7363},
  year={2024},
  publisher={Wiley Online Library}
}